<?xml version='1.0' encoding='UTF-8'?>
<record xmlns="http://www.loc.gov/MARC21/slim">
  <leader>01696cam a2200373 a 4500</leader>
  <controlfield tag="001">4092975</controlfield>
  <controlfield tag="003">NjP</controlfield>
  <controlfield tag="005">20121010162724.0</controlfield>
  <controlfield tag="008">001129s1960    sy           f000 0 ara d</controlfield>
  <datafield tag="024" ind1="7" ind2=" ">
    <subfield code="a">princeton_aco001999</subfield>
    <subfield code="2">local</subfield>
  </datafield>
  <datafield ind1=" " ind2=" " tag="010">
    <subfield code="a">   62000754 </subfield>
  </datafield>
  <datafield ind1=" " ind2=" " tag="035">
    <subfield code="a">(OCoLC)ocn179584484</subfield>
  </datafield>
  <datafield ind1=" " ind2=" " tag="035">
    <subfield code="a">(OCoLC)54361513</subfield>
  </datafield>
  <datafield ind1=" " ind2=" " tag="040">
    <subfield code="a">PUL</subfield>
    <subfield code="c">PUL</subfield>
    <subfield code="d">PUL</subfield>
  </datafield>
  <datafield ind1=" " ind2=" " tag="035">
    <subfield code="a">(OCoLC)179584484</subfield>
  </datafield>
  <datafield ind1=" " ind2=" " tag="035">
    <subfield code="a">(CStRLIN)NYUG00-B3940</subfield>
  </datafield>
  <datafield ind1=" " ind2=" " tag="035">
    <subfield code="a">(NjP)4092975</subfield>
  </datafield>
  <datafield ind1=" " ind2=" " tag="043">
    <subfield code="a">a-sy---</subfield>
  </datafield>
  <datafield ind1=" " ind2="4" tag="050">
    <subfield code="a">HC497.S8</subfield>
    <subfield code="b">S86</subfield>
  </datafield>
  <datafield ind1=" " ind2=" " tag="079">
    <subfield code="a">ocm54361513</subfield>
  </datafield>
  <datafield ind1=" " ind2=" " tag="090">
    <subfield code="a">HC497.S8</subfield>
    <subfield code="b">S86</subfield>
  </datafield>
  <datafield ind1=" " ind2=" " tag="049">
    <subfield code="a">PULL</subfield>
  </datafield>
  <datafield ind1="1" ind2=" " tag="110">
    <subfield code="6">880-01</subfield>
    <subfield code="a">Syria.</subfield>
    <subfield code="b">Wizārat al-Takhṭīṭ.</subfield>
  </datafield>
  <datafield ind1="1" ind2="0" tag="245">
    <subfield code="6">880-02</subfield>
    <subfield code="a">Mashrūʻ khiṭṭat al-tanmiyah al-iqtiṣādīyah wa-al-ijtimāʻīyah lil-sanawāt al-khams 1960,1961-1964,1965.</subfield>
  </datafield>
  <datafield ind1="3" ind2=" " tag="246">
    <subfield code="6">880-03</subfield>
    <subfield code="a">Mashrūʻ khuṭṭat al-tanmiyah al-iqtiṣādīyah lil-sanawāt al-khams 1960,1961-1964,1965</subfield>
  </datafield>
  <datafield ind1=" " ind2=" " tag="260">
    <subfield code="6">880-04</subfield>
    <subfield code="a">Dimashq :</subfield>
    <subfield code="b">al-Wizārah,</subfield>
    <subfield code="c">1960.</subfield>
  </datafield>
  <datafield ind1=" " ind2=" " tag="300">
    <subfield code="a">195 p. ;</subfield>
    <subfield code="c">24 cm.</subfield>
  </datafield>
  <datafield ind1=" " ind2=" " tag="500">
    <subfield code="6">880-05</subfield>
    <subfield code="a">At head of title: al-Jumhūrīyah al-ʻArabīyah al-Muttaḥidah, al-Iqlīm al-Sūrī, Wizārat al-Takhṭīṭ.</subfield>
  </datafield>
  <datafield ind1=" " ind2="0" tag="651">
    <subfield code="a">Syria</subfield>
    <subfield code="x">Economic policy.</subfield>
  </datafield>
  <datafield ind1="1" ind2=" " tag="880">
    <subfield code="6">110-01/r</subfield>
    <subfield code="a">سير.</subfield>
    <subfield code="b">وزارة التخطيط.</subfield>
  </datafield>
  <datafield ind1="1" ind2="0" tag="880">
    <subfield code="6">245-02/r</subfield>
    <subfield code="a">مشروع خطة التنمية الاقتصادية والاجتماعية للسنوات الخمس 1960،1961-1964،1965.</subfield>
  </datafield>
  <datafield ind1="3" ind2=" " tag="880">
    <subfield code="6">246-03/r</subfield>
    <subfield code="a">مشروع خطة التنمية الاقتصادية للسنوات الخمس 1960،1961-1964،1965</subfield>
  </datafield>
  <datafield ind1=" " ind2=" " tag="880">
    <subfield code="6">260-04/r</subfield>
    <subfield code="a">دمشق :</subfield>
    <subfield code="b">الوزارة،</subfield>
    <subfield code="c">1960.</subfield>
  </datafield>
  <datafield ind1=" " ind2=" " tag="880">
    <subfield code="6">500-05/r</subfield>
    <subfield code="a">At head of title: الجمهورية العربية المتحدة، الاقليم السوري، وزارة التخطيط.</subfield>
  </datafield>
  <datafield ind1=" " ind2=" " tag="994">
    <subfield code="a">C0</subfield>
    <subfield code="b">PUL</subfield>
  </datafield>
  <datafield ind1=" " ind2=" " tag="999">
    <subfield code="a">4092975</subfield>
  </datafield>
  <datafield ind1="0" ind2=" " tag="852">
    <subfield code="0">4373615</subfield>
    <subfield code="b">nec</subfield>
    <subfield code="h">HC497.S8</subfield>
    <subfield code="i">S86 1960</subfield>
  </datafield>
  <datafield ind1=" " ind2=" " tag="959">
    <subfield code="a">2009-07-02 12:36:28 -0400</subfield>
  </datafield>
</record>
